@ELECTRONIC{access_control,
  title = {Система контроля и управления доступом [Электронный ресурс]},
  howpublished = {Википедия},
  year = {2019},
  url = {\url{https://wikipedia.org/wiki/Access_control.html}},
  annote = {дата обращения: 04.04.2019},
  language = {russian} 
}

@ELECTRONIC{access_control_history,
  title = {Контроллеры СКУД: история развития [Электронный ресурс]},
  howpublished = {Официальный интернет-магазин компании ООО «Доктор Дорс»},
  year = {2019},
  url = {\url{http://www.drdoors-msc.ru/kontrollery_skud_istoriya_razvitiya.html}},
  annote = {дата обращения: 02.06.2019},
  language = {russian} 
}

@ELECTRONIC{sigur,
  title = {Комплексная система Sigur [Электронный ресурс]},
  howpublished = {Официальный сайт компании Sigur},
  year = {2019},
  url = {\url{http://sigursys.com/controllers.php}},
  annote = {дата обращения: 16.04.2019},
  language = {russian} 
}

@ELECTRONIC{smartec,
  title = {Smartec ST-FR040EM [Электронный ресурс]},
  howpublished = {Официальный сайт компании Smartec},
  year = {2019},
  url = {\url{https://www.smartec-security.com/products/Biometrics/STFR040EM/}},
  annote = {дата обращения: 16.04.2019},
  language = {russian} 
}

@ELECTRONIC{pi-hardware,
  title = {Rasberry Pi Hardware[Электронный ресурс]},
  howpublished = {Официальный сайт компании Raspberry Pi Foundations},
  year = {2019},
  url = {\url{https://www.raspberrypi.org/documentation/hardware/raspberrypi/README.md}},
  annote = {дата обращения: 18.04.2019},
  language = {russian} 
}

@ELECTRONIC{picamera,
  title = {PiCamera Documentation [Электронный ресурс]},
  howpublished = {Официальная документация Python-библиотеки picamera},
  year = {2019},
  url = {\url{https://picamera.readthedocs.io/en/release-1.13/}},
  annote = {дата обращения: 02.06.2019},
  language = {russian} 
}

@ELECTRONIC{opencv,
  title = {OpenCV Python Documentation [Электронный ресурс]},
  howpublished = {Официальная документация Python-библиотеки OpenCV},
  year = {2019},
  url = {\url{https://opencv-python-tutroals.readthedocs.io/en/latest/}},
  annote = {дата обращения: 02.06.2019},
  language = {russian} 
}

@ELECTRONIC{dlib,
  title = {dlib [Электронный ресурс]},
  howpublished = {Официальный репозиторий библиотеки dlib},
  year = {2019},
  url = {\url{https://github.com/davisking/dlib}},
  annote = {дата обращения: 02.06.2019},
  language = {russian} 
}

@ELECTRONIC{telebot,
  title = {pyTelegramBotAPI [Электронный ресурс]},
  howpublished = {Официальный репозиторий библиотеки pyTelegramBotAPI},
  year = {2019},
  url = {\url{https://github.com/eternnoir/pyTelegramBotAPI}},
  annote = {дата обращения: 03.05.2019},
  language = {russian} 
}

@ELECTRONIC{pi-os,
  title = {Сравнение операционных систем для Raspberry Pi [Электронный ресурс]},
  howpublished = {Образовательный сайт ArduinoMaster},
  year = {2019},
  url
    = {\url{https://arduinomaster.ru/raspberry-pi/operatsionnye-sistemy-raspberry-pi/}},
  annote = {дата обращения: 02.06.2019},
  language = {russian} 
}

@ELECTRONIC{recognition,
  title = {Распознаём лица на фото с помощью Pyhton и OpenCV [Электронный ресурс]},
  howpublished = {Habrahabr},
  year = {2019},
  url = {\url{https://habr.com/ru/post/301096/}},
  annote = {дата обращения: 17.05.2019},
  language = {russian} 
}

@ELECTRONIC{pickle,
  title = {Python Object Serialization [Электронный ресурс]},
  howpublished = {Официальная документация языка программирования Python},
  year = {2019},
  url = {\url{https://docs.python.org/3/library/pickle.html}},
  annote = {дата обращения: 03.05.2019},
  language = {russian} 
}

@ELECTRONIC{finite-state-machine,
  title = {Конечный автомат [Электронный ресурс]},
  howpublished = {Wikipedia},
  year = {2019},
  url = {\url{https://wikipedia.org/Finite-state_machine.html}},
  annote = {дата обращения: 02.06.2019},
  language = {russian} 
}
